<?xml version="1.0" encoding="UTF-8"?><collection xmlns="http://www.loc.gov/MARC21/slim"><record><leader>00447nam--2200145-i-4500</leader><controlfield tag="001">000047159</controlfield><controlfield tag="002">20161230</controlfield><controlfield tag="005">20161230201046</controlfield><controlfield tag="008">060222s1000------------r-----000-0-eng-d</controlfield><datafield ind1=" " ind2=" " tag="080"><subfield code="a">513.6:519.4</subfield></datafield><datafield ind1=" " ind2=" " tag="100"><subfield code="a">Weil, Andre</subfield></datafield><datafield ind1=" " ind2=" " tag="245"><subfield code="a">Introduction a l`etude des varietes kahleriennes. publications de l`insstitut de mathematique de l`univ.de nancago</subfield></datafield><datafield ind1=" " ind2=" " tag="260"><subfield code="a">Paris, Ed.Hermann, 1958, 175p</subfield></datafield><datafield ind1=" " ind2=" " tag="852"><subfield code="a">13800</subfield><subfield code="c">513</subfield></datafield><datafield ind1=" " ind2=" " tag="CAT"><subfield code="a">Sys</subfield><subfield code="c">20080527</subfield><subfield code="h">111138</subfield></datafield></record></collection>